<record xmlns='http://www.loc.gov/MARC21/slim'><leader>01101nam a22003850  4500</leader><controlfield tag='005'>20180618102514.0</controlfield><controlfield tag='008'>701028s1969    onc      b    00000 eng  </controlfield><controlfield tag='001'>991000129929703811</controlfield><datafield ind1=' ' ind2=' ' tag='010'><subfield code='a'>71510344</subfield></datafield><datafield ind1=' ' ind2=' ' tag='035'><subfield code='a'>(PPT)b10050644-01tuli_inst</subfield></datafield><datafield ind1=' ' ind2=' ' tag='035'><subfield code='a'>ocn466972463</subfield><subfield code='9'>ExL</subfield></datafield><datafield ind1=' ' ind2=' ' tag='035'><subfield code='a'>PATG00108460B</subfield></datafield><datafield ind1=' ' ind2=' ' tag='035'><subfield code='a'>ocm00108460</subfield></datafield><datafield ind1=' ' ind2=' ' tag='035'><subfield code='a'>(OCLC)ocm00108460</subfield></datafield><datafield ind1=' ' ind2=' ' tag='040'><subfield code='a'>DLC</subfield><subfield code='c'>DLC</subfield><subfield code='d'>PPT</subfield></datafield><datafield ind1=' ' ind2=' ' tag='079'><subfield code='a'>ocm00108460</subfield></datafield><datafield ind1=' ' ind2=' ' tag='090'><subfield code='a'>QA3.Q38 no.18</subfield></datafield><datafield ind1='1' ind2='0' tag='100'><subfield code='a'>Takahashi, Shuichi,</subfield><subfield code='d'>1928-</subfield></datafield><datafield ind1='1' ind2='0' tag='245'><subfield code='a'>Analysis in categories.</subfield></datafield><datafield ind1=' ' ind2=' ' tag='260'><subfield code='a'>Kingston, Ont.,</subfield><subfield code='b'>Queen&apos;s University,</subfield><subfield code='c'>1969.</subfield></datafield><datafield ind1=' ' ind2=' ' tag='300'><subfield code='a'>iii, 131 p.</subfield><subfield code='c'>28 cm.</subfield></datafield><datafield ind1=' ' ind2='0' tag='440'><subfield code='a'>Queen&apos;s papers in pure and applied mathematics,</subfield><subfield code='v'>no. 18</subfield></datafield><datafield ind1=' ' ind2=' ' tag='504'><subfield code='a'>Includes bibliographical references.</subfield></datafield><datafield ind1=' ' ind2='0' tag='650'><subfield code='a'>Categories (Mathematics)</subfield></datafield><datafield ind1=' ' ind2='0' tag='650'><subfield code='a'>Functor theory.</subfield></datafield><datafield ind1=' ' ind2=' ' tag='902'><subfield code='a'>091123</subfield></datafield><datafield ind1=' ' ind2=' ' tag='907'><subfield code='a'>.b10050644</subfield><subfield code='b'>p    </subfield><subfield code='c'>-</subfield></datafield><datafield ind1=' ' ind2=' ' tag='935'><subfield code='a'>00005422</subfield></datafield><datafield ind1=' ' ind2=' ' tag='945'><subfield code='l'>pstk </subfield><subfield code='g'>1</subfield></datafield><datafield ind1=' ' ind2=' ' tag='945'><subfield code='l'>pstk </subfield><subfield code='g'>1</subfield></datafield><datafield ind1=' ' ind2=' ' tag='950'><subfield code='l'>MATH</subfield><subfield code='x'>470</subfield><subfield code='i'>01/01/01 N</subfield></datafield><datafield ind1=' ' ind2=' ' tag='955'><subfield code='c'>-</subfield><subfield code='u'>a=(over)   jbm7710</subfield></datafield><datafield ind1=' ' ind2=' ' tag='979'><subfield code='a'>ocm00108460</subfield></datafield><datafield ind1=' ' ind2=' ' tag='998'><subfield code='b'>2</subfield><subfield code='c'>990101</subfield><subfield code='d'>m</subfield><subfield code='e'>a</subfield><subfield code='f'>-</subfield><subfield code='g'>0</subfield></datafield><datafield ind1=' ' ind2=' ' tag='998'><subfield code='n'>PPT</subfield><subfield code='s'>9665</subfield></datafield><datafield ind1=' ' ind2=' ' tag='ADM'><subfield code='b'>2018-06-18 14:25:14</subfield><subfield code='e'>b10050644-01tuli_inst</subfield><subfield code='d'>ILS</subfield><subfield code='a'>2017-06-20 15:08:30</subfield><subfield code='c'>false</subfield></datafield><datafield ind1='0' ind2=' ' tag='HLD'><subfield code='b'>ASRS</subfield><subfield code='c'>ASRS_TEST</subfield><subfield code='h'>      QA3.Q38 no.18      </subfield><subfield code='8'>22454037270003811</subfield><subfield code='updated'>2019-04-09 16:58:05</subfield><subfield code='created'>2017-06-20 15:08:30</subfield></datafield><datafield ind1=' ' ind2=' ' tag='ITM'><subfield code='r'>22454037270003811</subfield><subfield code='b'>1</subfield><subfield code='h'>0</subfield><subfield code='g'>ASRS_TEST</subfield><subfield code='t'>BOOK</subfield><subfield code='9'>39074006072565</subfield><subfield code='e'>ASRS_TEST</subfield><subfield code='8'>23336514740003811</subfield><subfield code='a'>0</subfield><subfield code='i'>QA3.Q38 no.18</subfield><subfield code='updated'>2019-05-03 01:27:56</subfield><subfield code='q'>2017-06-20 15:08:30</subfield><subfield code='d'>ASRS</subfield><subfield code='f'>ASRS</subfield></datafield><datafield ind1=' ' ind2=' ' tag='ITM'><subfield code='r'>22454037270003811</subfield><subfield code='b'>1</subfield><subfield code='h'>0</subfield><subfield code='g'>ASRS_TEST</subfield><subfield code='t'>BOOK</subfield><subfield code='9'>39074006072557</subfield><subfield code='e'>ASRS_TEST</subfield><subfield code='8'>23336514750003811</subfield><subfield code='a'>0</subfield><subfield code='i'>QA3.Q38 no.18</subfield><subfield code='updated'>2019-04-09 16:58:17</subfield><subfield code='q'>2017-06-20 15:08:30</subfield><subfield code='d'>ASRS</subfield><subfield code='f'>ASRS</subfield></datafield></record>